%Arquitetura de Computadores

@book{
	stallings2008,
	author = "Stallings, W",
	title = "Arquitetura e Organização de Computadores",
	year = 2008
	
}