@book{
	stallings,
	author= "William Stallings",
	title= "Arquitetura e organização de computadores",
	year= "2010",
	publisher= "Pearson Prentice Hall",
	address= "São Paulo"
}

@book{
	machado,
	author= "Francis Berenger Machado and Luiz Paulo Maia",
	title= "Arquitetura de sistemas operacionais",
	year= "2017",
	publisher= "LTC",
	address= "Rio de Janeiro"
}

@book{
	delgado,
	author= "José Delgado",
	title= "Arquitetura de Computadores",
	year= "2017",
	publisher= "LTC",
	address= "Rio de Janeiro"
}
