@book{Silberschatz2015,
address = {Rio de Janeiro},
author = {Silberschatz, Abraham and Galvin, Peter Baer and Gagne, Greg},
edition = {9},
isbn = {978-1-1180-6333-0},
publisher = {LTC},
title = {{Fundamentos de sistemas operacionais}},
year = {2015}
}
@book{Tanenbaum2008,
address = {Porto Alegre},
author = {Tanenbaum, Andrew S. and Woodhull, Albert S.},
edition = {3},
publisher = {Bookman},
title = {{Sistemas Operacionais: Projeto e Implementação}},
year = {2008}
}
@book{Machado2017,
address = {Rio de Janeiro},
author = {Machado, Francis Berenger and Maia, Luiz Paulo},
publisher = {LTC},
title = {{Arquitetura de sistemas operacionais}},
year = {2017}
}
