@misc{Gabriel2007,
author = {Torres, Gabriel},
title = {{Como o Cache de Mem{\'{o}}ria Funciona}},
url = {http://www.clubedohardware.com.br/artigos/processadores/como-o-cache-de-mem{\'{o}}ria-funciona-r34772/?nbcpage=2},
year = {2007}
}
@unpublished{Mantovani2010,
author = {Mantovani, Suely Cunha Amaro},
institution = {Faculdade de Engenharia de Ilha Solteira},
title = {{Mem{\'{o}}rias RAMs}},
url = {http://www.ebah.com.br/content/ABAAAA9QcAE/memorias-sram{\#}},
year = {2010}
}
