@misc{Vatto2012,
author = {V{\"{a}}tt{\"{o}}, Kristian},
file = {:C$\backslash$:/Users/User/OneDrive/Material{\_}Aulas/apoio/Arquitetura e Organiza{\c{c}}{\~{a}}o de Computadores/Understanding TLC NAND - Print View.pdf:pdf},
pages = {1--6},
title = {{Understanding TLC NAND}},
urldate = {13/11/2018},
year = {2012}
}
@book{Monteiro2010,
address = {Rio de Janeiro},
author = {Monteiro, Mario A.},
publisher = {LTC},
title = {{Introdu{\c{c}}{\~{a}}o {\`{a}} organiza{\c{c}}{\~{a}}o de computadores}},
year = {2010}
}
@book{Englander2011,
address = {Rio de Janeiro},
author = {Englander, Irv},
publisher = {LTC},
title = {{A arquitetura de hardware computacional, software de sistema e comunica{\c{c}}{\~{a}}o em rede: uma abordagem da tecnologia da informa{\c{c}}{\~{a}}o}},
year = {2011}
}
@book{Paixao2014,
address = {S{\~{a}}o Paulo},
author = {Paix{\~{a}}o, Renato Rodrigues},
publisher = {{\'{E}}rica},
title = {{Arquitetura de computadores}},
year = {2014}
}
@book{Delgado2017,
address = {Rio de Janeiro},
author = {Delgado, Jos{\'{e}} and Ribeiro, Carlos},
publisher = {LTC},
title = {{Arquitetura de computadores}},
year = {2017}
}
@book{Baer2013,
address = {Rio de Janeiro},
author = {Baer, Jean-Loup},
isbn = {9788521621782},
publisher = {LTC},
title = {{Arquitetura de microprocessadores: do simples pipeline ao multiprocessador em chip}},
year = {2013}
}
@book{Parhami2007,
address = {S{\~{a}}o Paulo},
author = {Parhami, Behrooz},
isbn = {9788577260256},
publisher = {McGraw-Hill},
title = {{Arquitetura de Computadores: de Microprocessadores a Supercomputadores}},
year = {2007}
}
@article{Shimpi2009,
author = {Shimpi, Anand Lal},
file = {:C$\backslash$:/Users/User/OneDrive/Material{\_}Aulas/apoio/Arquitetura e Organiza{\c{c}}{\~{a}}o de Computadores/The SSD Anthology{\_} Understanding SSDs and New Drives from OCZ - Print View.pdf:pdf},
pages = {1--40},
title = {{The SSD Anthology : Understanding SSDs and New Drives from OCZ}},
url = {http://www.anandtech.com/show/2738/7},
year = {2009}
}
@book{Tanenbaum2007,
abstract = {Em Organiza{\c{c}}{\~{a}}o estruturada de computadores, Andrew S. Tanenbaum, um dos nomes mais c{\'{e}}lebres da ci{\^{e}}ncia da computa{\c{c}}{\~{a}}o, afirma que um computador pode ser estruturado em uma hierarquia de seis n{\'{i}}veis e descreve cada um deles sem perder de vista o estilo did{\'{a}}tico e a linguagem bem-humorada - caracter{\'{i}}sticas inerentes {\`{a}} sua obra. Esta 5{\textordfeminine} edi{\c{c}}{\~{a}}o, apresenta novos exemplos e atualiza{\c{c}}{\~{o}}es importantes que refletem o desenvolvimento obtido na {\'{a}}rea. Entre as novidades est{\~{a}}o: {\textperiodcentered} Os modernos dispositivos de E/S, como c{\^{a}}meras digitais e DSL; {\textperiodcentered} O barramento PCI Express, com novo enfoque; {\textperiodcentered} O tratamento de sistemas embutidos (apresenta{\c{c}}{\~{a}}o do Intel8051); {\textperiodcentered} O funcionamento interno do Pentium4: a microarquitetura NetBurst, e {\textperiodcentered} Uma nova abordagem de arquiteturas e computadores paralelos. Esta edi{\c{c}}{\~{a}}o tamb{\'{e}}m inclui um site Web exclusivo que ofere{\c{c}}a a professores e alunos material adicional para auxiliar no processo de ensino-aprendizagem. Por tudo isso, o livro {\'{e}} uma excelente refer{\^{e}}ncia para estudantes de ci{\^{e}}ncia da computa{\c{c}}{\~{a}}o e engenharia da computa{\c{c}}{\~{a}}o, assim como para profissionais.},
archivePrefix = {arXiv},
arxivId = {arXiv:1011.1669v3},
author = {Tanenbaum, Andrew S.},
doi = {10.1017/CBO9781107415324.004},
eprint = {arXiv:1011.1669v3},
file = {:C$\backslash$:/Users/User/OneDrive/Material{\_}Aulas/apoio/Arquitetura e Organiza{\c{c}}{\~{a}}o de Computadores/Organizacao Estruturada de Computadores-Tanenbaum-5ed www.therebels.biz by alisonpl.pdf:pdf},
isbn = {978-85-8143-539-8},
issn = {1098-6596},
pages = {449},
pmid = {25246403},
title = {{Organiza{\c{c}}{\~{a}}o estruturada de computadores}},
url = {https://feevale.bv3.digitalpages.com.br/users/publications/9788576050674?},
year = {2007}
}
@book{Stallings2010,
address = {S{\~{a}}o Paulo},
author = {Stallings, William},
edition = {8},
file = {:C$\backslash$:/Users/User/OneDrive/Material{\_}Aulas/apoio/Arquitetura e Organiza{\c{c}}{\~{a}}o de Computadores/Arquitetura e Organiza{\c{c}}{\~{a}}o de Computadores - 8{\textordfeminine} Ed.pdf:pdf},
isbn = {9788576055648},
publisher = {Pearson},
title = {{Arquitetura e Organiza{\c{c}}{\~{a}}o de Computadores}},
year = {2010}
}
@misc{Gabriel2007,
author = {Torres, Gabriel},
title = {{Como o Cache de Mem{\'{o}}ria Funciona}},
url = {http://www.clubedohardware.com.br/artigos/processadores/como-o-cache-de-mem{\'{o}}ria-funciona-r34772/?nbcpage=2},
year = {2007}
}
@unpublished{Mantovani2010,
author = {Mantovani, Suely Cunha Amaro},
institution = {Faculdade de Engenharia de Ilha Solteira},
title = {{Mem{\'{o}}rias RAMs}},
url = {http://www.ebah.com.br/content/ABAAAA9QcAE/memorias-sram{\#}},
year = {2010}
}

@book{Machado2017,
	author= "Francis Berenger Machado and Luiz Paulo Maia",
	title= "Arquitetura de sistemas operacionais",
	year= "2017",
	publisher= "LTC",
	address= "Rio de Janeiro"
}
